%% This BibTeX bibliography file was created using BibDesk.
%% http://bibdesk.sourceforge.net/


%% Created for John Aslanides at 2015-10-21 16:53:33 +1100 


%% Saved with string encoding Unicode (UTF-8) 



@article{veness-11,
	Author = {J. Veness, K. S. Ng, M. Hutter, W. Uther, D. Silver},
	Date-Added = {2015-10-21 05:29:41 +0000},
	Date-Modified = {2015-10-21 05:53:06 +0000},
	Journal = {Journal of Artificial Intelligence Research},
	Pages = {95-142},
	Title = {A Monte-Carlo AIXI Approximation},
	Volume = {40},
	Year = {2011}}
